@misc{go_web,
    author = "{G}o Authors",
    howpublished = {\url{http://golang.org/}},
    title = "{G}o website",
    year = 2010
}

@misc{go_tutorial,
    author = "{G}o Authors",
    howpublished = {\url{http://golang.org/doc/go_tutorial.html}},
    title = "{G}o tutorial",
    year = 2010
}

@misc{effective_go,
    author = "{G}o Authors",
    howpublished = {\url{http://golang.org/doc/effective_go.html}},
    title = "{E}ffective {G}o",
    year = 2010
}

@misc{csp,
    author = "Wikipedia",
    howpublished = {\url{http://en.wikipedia.org/wiki/Communicating_sequential_processes}},
    title = "Communicating sequential processes",
    year = 2010
}

@misc{duck_typing,
    author = "Wikipedia",
    howpublished = {\url{http://en.wikipedia.org/wiki/Duck_typing}},
    title = "Duck typing",
    year = 2010
}

@misc{bubblesort,
    author = "Wikipedia",
    howpublished = {\url{http://en.wikipedia.org/wiki/Bubble_sort}},
    title = "Bubble sort",
    year = 2010
}

@misc{go_nuts,
    author = "{G}o Community",
    title  = "{G}o Nuts mailing list",
    howpublished = {\url{http://groups.google.com/group/golang-nuts}},
    year = 2010
}

@misc{go_spec,
    author = "{G}o Authors",
    title  = "{G}o language specification",
    howpublished = { \url{http://golang.org/doc/go_spec.html}},
    year = 2010
}

@misc{go_interfaces,
    author = "Ian Lance Taylor",
    title  = "{G}o interfaces",
    howpublished = {\url{http://www.airs.com/blog/archives/277}},
    year = 2010
}

@misc{go_intro,
    author = "Mark C. Chu-Carroll",
    title = "{G}oogle's new language: Go",
    howpublished = {\url{http://scienceblogs.com/goodmath/2009/11/googles_new_language_go.php}},
    year = 2010
}

@misc{go_doc,
    author = "{G}o Authors",
    title = "{G}o package documentation",
    howpublished = {\url{http://golang/doc/pkg/}},
    year = 2010
}

@misc{go_cpp,
    author = "{G}o Authors",
    title = "{G}o for {C}++ programmers",
    howpublished = {\url{http://golang.org/doc/go_for_cpp_programmers.html}},
    year = 2010
}

@misc{go_blog,
    author = "{G}o Authors",
    title = "The {G}o programming language blog",
    howpublished = {\url{http://blog.golang.org/}},
    year = 2010
}

@misc{erlang,
    author = "Ericsson Cooperation",
    title  = "Erlang",
    howpublished = {\url{http://www.erlang.se/}},
    year = 1896
}

@misc{scala,
    author = "LAMP Group at EPFL",
    title = "Scala",
    howpublished = {
	\url{http://www.scala-lang.org/}},
    year = 2003
}

@misc{c,
    author = "Dennis Ritchie, Brian Kernighan",
    title = "The {C} Programming Language",
    year = 1975
}

@misc{C++,
    author = "Bjarne Stroustrup",
    title = "The {C}++ programming language",
    year = 1983
}

@misc{java,
    title = "Java",
    author = "James {G}osling et al",
    howpublished = {\url{http://oracle.com/java/}},
    year = 1995
}

@misc{perl,
    title = "Perl",
    author = "Larry Wall et al",
    howpublished = {\url{http://perl.org/}},
    year = 1987
}

@misc{haskell,
    title = "Haskell",
    author = "Haskell Authors",
    howpublished = {\url{http://www.haskell.org/}},
    year = 1990
}

@misc{go_youtube,
    author = "{G}o Authors",
    title = "{G}o Youtube channel",
    howpublished = {\url{http://youtube.com/gocoding/}},
    year = 2010
}

@misc{perl-packages,
    author = "Perl Package Authors",
    title = "Comprehensive Perl archive network",
    howpublished = {\url{http://cpan.org/}},
    year = 2010
}

@misc{plan9,
    author = "Plan 9 Authors",
    title = "Plan 9",
    howpublished = {\url{http://plan9.bell-labs.com/plan9/index.html}},
    year = 1992
}

@misc{inferno,
    author = "Inferno Authors",
    title = "Inferno",
    howpublished = {\url{http://www.vitanuova.com/inferno/}},
    year = 1995
}

@misc{limbo,
    author = "Plan 9 Authors",
    title = "Limbo",
    howpublished = {\url{http://www.vitanuova.com/inferno/papers/limbo.html}},
    year = 1995
}

@misc{Newsqueak,
    author = "Rob Pike",
    title = "Newsqueak: A language for communicating with mice",
    howpublished = {\url{http://swtch.com/~rsc/thread/newsqueak.pdf}},
    publisher = "AT\&T Bell Laboratories",
    year = 1989
}

@misc{Hoare,
    author = "C. A. R. Hoare",
    title = "Communicating sequential processes (CSP)",
    howpublished = {\url{http://www.usingcsp.com/cspbook.pdf}},
    year = 1985
}

@misc{quicksort,
    author = "C. A. R. Hoare",
    title = "QuickSort",
    howpublished = {\url{http://en.wikipedia.org/wiki/Quicksort}},
    year = 1960
}

@misc{iota,
    author = "Wikipedia",
    title = "Iota",
    howpublished = {\url{http://en.wikipedia.org/wiki/Iota}},
    year = 2010
}

@misc{fizzbuzz,
    author = "Imran On Tech",
    title = "Using FizzBuzz to find developers...",
    howpublished =
    {\url{http://imranontech.com/2007/01/24/using-fizzbuzz-to-find-developers-who-grok-coding/}},
    year = 2010
}

@misc{go_course_day2,
    author = "Rob Pike",
    title = "The {G}o programming language, day 2",
    howpublished = {\url{http://golang.org/doc/{G}oCourseDay2.pdf}},
    year = 2010
}

@misc{go_course_day3,
    author = "Rob Pike",
    title = "The {G}o programming language, day 3",
    howpublished = {\url{http://golang.org/doc/{G}oCourseDay3.pdf}},
    year = 2010
}

@misc{go_nuts_interfaces,
    author = "{G}o Community",
    title = "Function accepting a slice of interface types",
    howpublished =
    {\url{http://groups.google.com/group/golang-nuts/browse_thread/thread/225fad3b5c6d0321}},
    year = 2010
}

# {G}o issues
@misc{go_issue_65,
    author = "{G}o Community",
    title  = "{G}o Issue 65: Compiler can't spot guaranteed return in if statement",
    howpublished = 
    {\url{http://code.google.com/p/go/issues/detail?id=65}},
    year = 2010
}

@misc{go_blog_panic,
    author = "{G}o Authors",
    title = "Defer, Panic, and Recover",
    howpublished =
    {\url{http://blog.golang.org/2010/08/defer-panic-and-recover.html}},
    year = 2010
}

@misc{go_faq,
    author = "{G}o Authors",
    title = "{G}o FAQ",
    howpublished = {\url{http://golang.org/doc/go_faq.html}},
    year = 2010
}

@misc{go_release_hist,
    author = "{G}o Authors",
    title = "{G}o Release History",
    howpublished = {\url{http://golang.org/doc/devel/release.html}},
    year = 2010,
}

@misc{go_profiling,
    author = "Russ Cox",
    title = "Profiling {G}o Programs",
    howpublished = {\url{http://blog.golang.org/2011/06/profiling-go-programs.html}},
    year = 2011,
}

@misc{RFC1196,
    author = "D. Zimmerman",
    title = "The Finger User Information Protocol",
    howpublished = {\url{http://www.ietf.org/rfc/rfc1196.txt}},
    year = 1990,
}

@misc{RFC4627,
    author = "D. Crockford",
    title = "The application/json Media Type for JavaScript Object Notation (JSON)",
    howpublished = {\url{http://www.ietf.org/rfc/rfc4627.txt}},
    year = 2006,
}

@misc{RFC4641,
    author = "Kolkman \& Gieben",
    title = "DNSSEC Operational Practices",
    howpublished = {\url{http://www.ietf.org/rfc/rfc4641.txt}},
    year = 2006,
}

@misc{go_windows,
    author = "Joseph Poirier",
    title = "{G}o MinGW",
    howpublished = {\url{https://bitbucket.org/jpoirier/go_mingw/downloads/}},
    year = 2011,
}
